<?xml version="1.0" encoding="UTF-8"?><collection xmlns="http://www.loc.gov/MARC21/slim"><record><leader>00336nam--2200133-i-4500</leader><controlfield tag="001">000008307</controlfield><controlfield tag="002">20161230</controlfield><controlfield tag="005">20161230201027</controlfield><controlfield tag="008">060222s1000------------r-----000-0-eng-d</controlfield><datafield ind1=" " ind2=" " tag="080"><subfield code="a">621.38</subfield></datafield><datafield ind1=" " ind2=" " tag="245"><subfield code="a">Basic electronic circuits</subfield></datafield><datafield ind1=" " ind2=" " tag="260"><subfield code="a">London, The Technical Press Ltd., 1965 116 P</subfield></datafield><datafield ind1=" " ind2=" " tag="490"><subfield code="a">The Common Core Series</subfield></datafield><datafield ind1=" " ind2=" " tag="852"><subfield code="a">27843</subfield></datafield></record></collection>